<record xmlns="http://www.loc.gov/MARC21/slim" xmlns:xsi="http://www.w3.org/2001/XMLSchema-instance" xsi:schemaLocation="http://www.loc.gov/MARC21/slim http://www.loc.gov/standards/marcxml/schema/MARC21slim.xsd"><leader>     nam a22        4500</leader><controlfield tag="001">6405535</controlfield><controlfield tag="003">NIC</controlfield><controlfield tag="006">m        d        </controlfield><controlfield tag="007">cr cn |||m|||a</controlfield><controlfield tag="008">150316s1973    ir      ob    000 0 ara d</controlfield><datafield ind1=" " ind2=" " tag="040"><subfield code="a">NNU</subfield><subfield code="b">eng</subfield><subfield code="e">rda</subfield><subfield code="c">NNU</subfield></datafield><datafield ind1="1" ind2="4" tag="050"><subfield code="a">BP194</subfield><subfield code="b">.J35 1973</subfield></datafield><datafield ind1="1" ind2=" " tag="100"><subfield code="a">Jala&#772;li&#772;, Muh&#803;ammad H&#803;usayn al-H&#803;usayni&#772;,</subfield><subfield code="d">1936-1982.</subfield></datafield><datafield ind1="1" ind2="3" tag="245"><subfield code="6">880-01</subfield><subfield code="a">al-Us&#803;u&#772;l al-arba&#699;mi&#700;ah /</subfield><subfield code="c">Muh&#803;ammad H&#803;usayn al-H&#803;usayni&#772; al-Jala&#772;li&#772;.</subfield></datafield><datafield ind1="1" ind2="4" tag="246"><subfield code="6">880-02</subfield><subfield code="a">Dira&#772;sah h&#803;awla al-us&#803;u&#772;l al-arba&#699;mi&#700;ah</subfield></datafield><datafield ind1=" " ind2=" " tag="260"><subfield code="a">T&#803;ihra&#772;n :</subfield><subfield code="b">Markaz Intisha&#772;ra&#772;t al-A&#699;la&#772;mi&#772;,</subfield><subfield code="c">1973</subfield><subfield code="e">(T&#803;ihra&#772;n :</subfield><subfield code="f">Mat&#803;ba&#699;at al-Shams)</subfield></datafield><datafield ind1=" " ind2=" " tag="300"><subfield code="a">online resource (51 pages)</subfield></datafield><datafield ind1=" " ind2=" " tag="336"><subfield code="a">text</subfield><subfield code="2">rdacontent</subfield></datafield><datafield ind1=" " ind2=" " tag="337"><subfield code="a">computer</subfield><subfield code="2">rdamedia</subfield></datafield><datafield ind1=" " ind2=" " tag="338"><subfield code="a">online resource</subfield><subfield code="2">rdacarrier</subfield></datafield><datafield ind1="1" ind2=" " tag="490"><subfield code="6">880-03</subfield><subfield code="a">Silsilat Ih&#803;ya&#772;&#700; tura&#772;th Ahl al-Bayt ;</subfield><subfield code="v">1</subfield></datafield><datafield ind1=" " ind2=" " tag="500"><subfield code="a">Part of the Arabic Collections Online (ACO) project, contributed by Cornell University Libraries.</subfield></datafield><datafield ind1=" " ind2=" " tag="504"><subfield code="a">Includes bibliographical references (pages 50-51).</subfield></datafield><datafield ind1=" " ind2=" " tag="533"><subfield code="a">Electronic reproduction.</subfield><subfield code="b">New York, N.Y. :</subfield><subfield code="c">New York University,</subfield><subfield code="d">2015.</subfield><subfield code="5">NNU</subfield></datafield><datafield ind1=" " ind2="0" tag="650"><subfield code="a">Shi&#772;&#699;ah</subfield><subfield code="x">Doctrines.</subfield></datafield><datafield ind1=" " ind2="7" tag="650"><subfield code="a">Shi&#772;&#699;ah</subfield><subfield code="x">Doctrines.</subfield><subfield code="2">fast</subfield><subfield code="0">(OCoLC)fst01117948</subfield></datafield><datafield ind1="2" ind2=" " tag="710"><subfield code="a">Cornell University.</subfield><subfield code="b">Libraries.</subfield></datafield><datafield ind1="0" ind2=" " tag="730"><subfield code="a">Arabic Collections Online.</subfield></datafield><datafield ind1=" " ind2=" " tag="752"><subfield code="a">Iran</subfield><subfield code="d">Tehran.</subfield></datafield><datafield ind1="0" ind2="8" tag="776"><subfield code="i">Print version:</subfield><subfield code="a">Jala&#772;li&#772;, Muh&#803;ammad H&#803;usayn al-H&#803;usayni&#772;, 1936-1982.</subfield><subfield code="t">al-Us&#803;u&#772;l al-arba&#699;mi&#700;ah</subfield><subfield code="w">(NIC)6405535</subfield><subfield code="w">(OCoLC)44808603</subfield></datafield><datafield ind1=" " ind2="0" tag="830"><subfield code="6">880-04</subfield><subfield code="a">Silsilat Ih&#803;ya&#772;&#700; tura&#772;th Ahl al-Bayt ;</subfield><subfield code="v">1.</subfield></datafield><datafield ind1="4" ind2="0" tag="856"><subfield code="u">http://hdl.handle.net/2333.1/v9s4mzp4</subfield></datafield><datafield ind1="1" ind2=" " tag="880"><subfield code="6">100-00/r</subfield><subfield code="a">&#8207;&#1580;&#1604;&#1610;&#1604;&#1610;&#1548; &#1605;&#1581;&#1605;&#1583; &#1581;&#1587;&#1610;&#1606; &#1575;&#1604;&#1581;&#1587;&#1610;&#1606;&#1610;.</subfield></datafield><datafield ind1="1" ind2="2" tag="880"><subfield code="6">245-01/r</subfield><subfield code="a">&#8207;&#1575;&#1604;&#1571;&#1589;&#1608;&#1604; &#1575;&#1604;&#1571;&#1585;&#1576;&#1593;&#1605;&#1575;&#1569;&#1577;.</subfield></datafield><datafield ind1="1" ind2="4" tag="880"><subfield code="6">246-00/r</subfield><subfield code="a">&#8207;&#1583;&#1585;&#1575;&#1587;&#1577; &#1581;&#1608;&#1604; &#1575;&#1604;&#1571;&#1589;&#1608;&#1604; &#1575;&#1604;&#1571;&#1585;&#1576;&#1593;&#1605;&#1575;&#1569;&#1577;</subfield></datafield><datafield ind1="3" ind2=" " tag="880"><subfield code="6">246-02/r</subfield><subfield code="a">&#8207;&#1571;&#1589;&#1608;&#1604; &#1575;&#1604;&#1571;&#1585;&#1576;&#1593;&#1605;&#1575;&#1569;&#1577;</subfield></datafield><datafield ind1=" " ind2=" " tag="880"><subfield code="6">260-00/r</subfield><subfield code="a">&#8207;&#1578;&#1607;&#1585;&#1575;&#1606; :&#8207;</subfield><subfield code="b">&#8207;&#1605;&#1585;&#1603;&#1586; &#1575;&#1606;&#1578;&#1588;&#1575;&#1585;&#1575;&#1578; &#1575;&#1604;&#1575;&#1593;&#1604;&#1605;&#1609;&#1548;&#8207;</subfield><subfield code="c">&#8207;1353 [1974 &#1571;&#1608; 5]&#8207;</subfield><subfield code="e">&#8207;(&#1591;&#1607;&#1585;&#1575;&#1606; :&#8207;</subfield><subfield code="f">&#8207;&#1605;&#1591;&#1576;&#1593;&#1577; &#1575;&#1604;&#1588;&#1605;&#1587;)</subfield></datafield><datafield ind1="1" ind2=" " tag="880"><subfield code="6">490-03/r</subfield><subfield code="a">&#8207;&#1587;&#1604;&#1587;&#1604;&#1577; &#1575;&#1581;&#1610;&#1575;&#1569; &#1578;&#1585;&#1575;&#1579; &#1575;&#1607;&#1604; &#1575;&#1604;&#1576;&#1610;&#1578; &#1563;&#8207;</subfield><subfield code="v">&#8207;1.</subfield></datafield><datafield ind1=" " ind2="0" tag="880"><subfield code="6">830-04/r</subfield><subfield code="a">&#8207;&#1587;&#1604;&#1587;&#1604;&#1577; &#1575;&#1581;&#1610;&#1575;&#1569; &#1578;&#1585;&#1575;&#1579; &#1575;&#1607;&#1604; &#1575;&#1604;&#1576;&#1610;&#1578; &#1563;&#8207; ;</subfield><subfield code="v">&#8207;1.</subfield></datafield><datafield ind1=" " ind2=" " tag="959"><subfield code="a">NNU</subfield><subfield code="b">WEB</subfield><subfield code="c">GENI</subfield><subfield code="t">0</subfield><subfield code="m">Electronic access</subfield><subfield code="s">01</subfield></datafield><datafield ind1=" " ind2=" " tag="999"><subfield code="i">NIC_6405535</subfield><subfield code="o">(OCoLC)ocm44808603 </subfield><subfield code="s">cornell_aco000321</subfield><subfield code="e">(ERROR-880)</subfield></datafield></record>